@article{Baydin_Pearlmutter_Radul_Siskind_2015,
    author = {Baydin, At\i{}l\i{}m G\"{u}nes and Pearlmutter, Barak A. and Radul, Alexey Andreyevich and Siskind, Jeffrey Mark},
    title = {Automatic Differentiation in Machine Learning: A Survey},
    year = {2017},
    issue_date = {January 2017},
    publisher = {JMLR.org},
    volume = {18},
    number = {1},
    issn = {1532-4435},
    journal = {J. Mach. Learn. Res.},
    month = {jan},
    pages = {5595–5637},
    numpages = {43},
    keywords = {backpropagation, differentiable programming}
}

@misc{Laue2020,
    doi = {10.48550/ARXIV.1904.02990},
    url = {https://arxiv.org/abs/1904.02990},
    author = {Laue, Soeren},
    keywords = {Symbolic Computation (cs.SC), Machine Learning (cs.LG), FOS: Computer and information sciences, FOS: Computer and information sciences},
    title = {On the Equivalence of Forward Mode Automatic Differentiation and Symbolic Differentiation},
    publisher = {arXiv},
    year = {2019},
    copyright = {arXiv.org perpetual, non-exclusive license}
}

@article{Elliott_2018,
    title={The simple essence of automatic differentiation},
    volume={2},
    DOI={10.1145/3236765},
    number={ICFP},
    journal={Proceedings of the ACM on Programming Languages},
    author={Elliott, Conal},
    year={2018},
    pages={70}
}

@article{Innes_2018,
    title={Don’t Unroll Adjoint: Differentiating SSA-Form Programs},
    journal={arXiv},
    author={Innes, Michael},
    year={2018} 
}

@article{Wang_Zheng_Decker_Wu_Essertel_Rompf_2019,
    title={Backpropagation with Continuation Callbacks:Foundations for Efficient and ExpressiveDifferentiable Programming},
    volume={3},
    DOI={10.1145/3341700},
    abstractNote={An abstract is not available.},
    number={ICFP},
    journal={Proceedings of the ACM on Programming Languages},
    author={Wang, Fei and Zheng, Daniel and Decker, James and Wu, Xilun and Essertel, Grégory M. and Rompf, Tiark},
    year={2019},
    pages={96} 
}

@book{ramsay2017dynamic,
    title={Dynamic data analysis},
    author={Ramsay, James and Hooker, Giles},
    year={2017},
    publisher={Springer}
}

@inproceedings{Johnson,
    title={Notes on Adjoint Methods for 18.335},
    author={Steven G. Johnson},
    year={2012}
}

@article{ma_comparison_2021,
    title = {A {Comparison} of {Automatic} {Differentiation} and {Continuous} {Sensitivity} {Analysis} for {Derivatives} of {Differential} {Equation} {Solutions}},
    url = {http://arxiv.org/abs/1812.01892},
    urldate = {2022-02-25},
    journal = {arXiv:1812.01892 [cs]},
    author = {Ma, Yingbo and Dixit, Vaibhav and Innes, Mike and Guo, Xingjian and Rackauckas, Christopher},
    month = jul,
    year = {2021},
    note = {arXiv: 1812.01892},
    keywords = {Mathematics - Numerical Analysis},
    annote = {Comment: 13 pages, 3 figures, 2 tables},
    file = {arXiv Fulltext PDF:/Users/Bolib001/Zotero/storage/7SPFK4KS/Ma et al. - 2021 - A Comparison of Automatic Differentiation and Cont.pdf:application/pdf;arXiv.org Snapshot:/Users/Bolib001/Zotero/storage/RJJ872XV/1812.html:text/html},
}

@article{kim_stiff_2021,
	title = {Stiff neural ordinary differential equations},
	volume = {31},
	issn = {1054-1500, 1089-7682},
	url = {https://aip.scitation.org/doi/10.1063/5.0060697},
	doi = {10.1063/5.0060697},
	language = {en},
	number = {9},
	urldate = {2022-02-25},
	journal = {Chaos: An Interdisciplinary Journal of Nonlinear Science},
	author = {Kim, Suyong and Ji, Weiqi and Deng, Sili and Ma, Yingbo and Rackauckas, Christopher},
	month = sep,
	year = {2021},
	pages = {093122},
	file = {Versió enviada:/Users/Bolib001/Zotero/storage/J3MCWRAP/Kim et al. - 2021 - Stiff neural ordinary differential equations.pdf:application/pdf},
}

@article{chen_neural_2019,
    title={Neural ordinary differential equations},
    author={Chen, Ricky TQ and Rubanova, Yulia and Bettencourt, Jesse and Duvenaud, David K},
    journal={Advances in neural information processing systems},
    volume={31},
    year={2018}
}

@article{RevelsLubinPapamarkou2016,
    title = {Forward-Mode Automatic Differentiation in {J}ulia},
    author = {{Revels}, J. and {Lubin}, M. and {Papamarkou}, T.},
    journal = {arXiv:1607.07892 [cs.MS]},
    year = {2016},
    url = {https://arxiv.org/abs/1607.07892}
}

@article{ruder2016overview-gradient-descent,
    title={An overview of gradient descent optimization algorithms},
    author={Ruder, Sebastian},
    journal={arXiv preprint arXiv:1609.04747},
    year={2016}
}

@article{rackauckas2020universal,
    title={Universal differential equations for scientific machine learning},
    author={Rackauckas, Christopher and Ma, Yingbo and Martensen, Julius and Warner, Collin and Zubov, Kirill and Supekar, Rohit and Skinner, Dominic and Ramadhan, Ali and Edelman, Alan},
    journal={arXiv preprint arXiv:2001.04385},
    year={2020}
}

@article{PINNs_2019, 
    title={Physics-informed neural networks: A deep learning framework for solving forward and inverse problems involving nonlinear partial differential equations}, 
    volume={378}, 
    ISSN={0021-9991}, 
    DOI={10.1016/j.jcp.2018.10.045}, 
    journal={Journal of Computational Physics}, 
    author={Raissi, M. and Perdikaris, P. and Karniadakis, G.E.}, 
    year={2019}, 
    pages={686–707} 
}

@article{Julialang_2017, 
    title={Julia: A Fresh Approach to Numerical Computing}, volume={59}, 
    ISSN={0036-1445}, 
    DOI={10.1137/141000671}, 
    number={1}, 
    journal={SIAM Review},
    author={Bezanson, Jeff and Edelman, Alan and Karpinski, Stefan and Shah, Viral B.}, 
    year={2017}, 
    pages={65–98} 
}

@article{Shen_diff_modelling, 
    title={Differentiable modelling to unify machine learning and physical models for geosciences}, DOI={10.1038/s43017-023-00450-9}, 
    journal={Nature Reviews Earth \& Environment}, 
    author={Shen, Chaopeng and Appling, Alison P. and Gentine, Pierre and Bandai, Toshiyuki and Gupta, Hoshin and Tartakovsky, Alexandre and Baity-Jesi, Marco and Fenicia, Fabrizio and Kifer, Daniel and Li, Li and Liu, Xiaofeng and Ren, Wei and Zheng, Yi and Harman, Ciaran J. and Clark, Martyn and Farthing, Matthew and Feng, Dapeng and Kumar, Praveen and Aboelyazeed, Doaa and Rahmani, Farshid and Song, Yalan and Beck, Hylke E. and Bindas, Tadd and Dwivedi, Dipankar and Fang, Kuai and Höge, Marvin and Rackauckas, Chris and Mohanty, Binayak and Roy, Tirthankar and Xu, Chonggang and Lawson, Kathryn}, 
    year={2023}, 
    pages={1–16} 
}

@article{Ramsundar_Krishnamurthy_Viswanathan_2021, 
    title={Differentiable Physics: A Position Piece}, 
    DOI={10.48550/arxiv.2109.07573}, 
    journal={arXiv}, 
    author={Ramsundar, Bharath and Krishnamurthy, Dilip and Viswanathan, Venkatasubramanian}, 
    year={2021} 
}

@techreport{bradley2013pde,
    title={PDE-constrained optimization and the adjoint method},
    author={Bradley, Andrew M},
    year={2013},
    institution={Technical Report. Stanford University. https://cs. stanford. edu/\~{} ambrad~…}
}

@article{Onken_Ruthotto_2020, 
    title={Discretize-Optimize vs. Optimize-Discretize for Time-Series Regression and Continuous Normalizing Flows}, 
    DOI={10.48550/arxiv.2005.13420}, 
    journal={arXiv}, 
    author={Onken, Derek and Ruthotto, Lars}, year={2020} 
}

@article{Giles_Pierce_2000, 
    title={An Introduction to the Adjoint Approach to Design}, 
    volume={65}, 
    ISSN={1386-6184}, 
    DOI={10.1023/a:1011430410075}, 
    number={3–4}, 
    journal={Flow, Turbulence and Combustion}, 
    author={Giles, Michael B. and Pierce, Niles A.}, 
    year={2000}, 
    pages={393–415} 
}

@article{Elliott_Peraire_1996, 
    title={Aerodynamic design using unstructured meshes}, 
    DOI={10.2514/6.1996-1941}, 
    note={This has an example of the hardcore adjoint method implemented for aerodynamics. It may help to read this to see how the adjoint equations is being solved and the size of the problem.}, 
    journal={Fluid Dynamics Conference}, 
    author={Elliott, Jonathan and Peraire, Jaime}, 
    year={1996} 
}

@phdthesis{mathur2012stepsize-finitediff,
    title={An analytical approach to computing step sizes for finite-difference derivatives},
    author={Mathur, Ravishankar},
    year={2012}
}

@article{Goldberg_1991_floatingpoint, 
    title={What every computer scientist should know about floating-point arithmetic}, 
    volume={23}, 
    ISSN={0360-0300}, 
    DOI={10.1145/103162.103163},  
    number={1}, 
    journal={ACM Computing Surveys (CSUR)}, 
    author={Goldberg, David}, 
    year={1991}, 
    pages={5–48} 
}

@article{Squire_Trapp_1998_complex_diff, 
    title={Using Complex Variables to Estimate Derivatives of Real Functions}, 
    volume={40}, 
    ISSN={0036-1445}, 
    DOI={10.1137/s003614459631241x}, 
    author={Squire, William and Trapp, George}, 
    year={1998}, 
    pages={110–112} 
}

@article{Martins_Sturdza_Alonso_2003_complex_differentiation, 
    title={The complex-step derivative approximation}, 
    volume={29}, 
    ISSN={0098-3500}, 
    DOI={10.1145/838250.838251},
    journal={ACM Transactions on Mathematical Software (TOMS)}, 
    author={Martins, Joaquim R. R. A. and Sturdza, Peter and Alonso, Juan J.}, 
    year={2003}, 
    pages={245–262} 
}

@article{BARTON_1992_finite_diff, 
    title={Computing Forward Difference Derivatives In Engineering Optimization}, 
    volume={20}, 
    ISSN={0305-215X}, 
    DOI={10.1080/03052159208941281}, 
    number={3}, 
    journal={Engineering Optimization}, 
    author={Barton, Russell R.}, 
    year={1992}, 
    pages={205–224} 
}

@article{Tsitouras_2011, 
    title={Runge–Kutta pairs of order 5(4) satisfying only the first column simplifying assumption}, 
    volume={62}, 
    ISSN={0898-1221}, 
    DOI={10.1016/j.camwa.2011.06.002}, 
    number={2}, 
    journal={Computers & Mathematics with Applications}, 
    author={Tsitouras, Ch.}, 
    year={2011}, 
    pages={770–775}
}

@article{Checkpoiting_2023,
    author="Schanen, Michel and Narayanan, Sri Hari Krishna and Williamson, Sarah and Churavy, Valentin and Moses, William S. and Paehler, Ludger",
    editor="Miky{\v{s}}ka, Ji{\v{r}}{\'i} and de Mulatier, Cl{\'e}lia and Paszynski, Maciej and Krzhizhanovskaya, Valeria V. and Dongarra, Jack J. and Sloot, Peter M.A.",
    title="Transparent Checkpointing for Automatic Differentiation of Program Loops Through Expression Transformations",
    booktitle="Computational Science -- ICCS 2023",
    year="2023",
    publisher="Springer Nature Switzerland",
    address="Cham",
    pages="483--497",
    isbn="978-3-031-36024-4"
}

@article{Jameson_1988,
    title={Aerodynamic design via control theory},
    volume={3}, ISSN={0885-7474},
    DOI={10.1007/bf01061285},
    number={3},
    journal={Journal of Scientific Computing},
    author={Jameson, Antony},
    year={1988},
    pages={233–260}
}

@article{Lyness_Moler_1967,
    title={Numerical Differentiation of Analytic Functions},
    volume={4},
    ISSN={0036-1429},
    DOI={10.1137/0704019},
    number={2},
    journal={SIAM Journal on Numerical Analysis},
    author={Lyness, J N and Moler, C B},
    year={1967},
    pages={202–210}
}

@article{Lyness_1967,
    title={Numerical algorithms based on the theory of complex variable},
    DOI={10.1145/800196.805983},
    journal={Proceedings of the 1967 22nd national conference on -},
    author={Lyness, J N},
    year={1967},
    pages={125–133}
}

@article{Lantoine_Russell_Dargent_2012,
    title={Using Multicomplex Variables for Automatic Computation of High-Order Derivatives},
    volume={38},
    ISSN={0098-3500},
    DOI={10.1145/2168773.2168774},
    number={3},
    journal={ACM Transactions on Mathematical Software (TOMS)},
    author={Lantoine, Gregory and Russell, Ryan P. and Dargent, Thierry},
    year={2012},
    pages={16}
}

@book{griewank2008evaluatingderivatives,
    title={Evaluating derivatives: principles and techniques of algorithmic differentiation},
    author={Griewank, Andreas and Walther, Andrea},
    year={2008},
    publisher={SIAM}
}

@article{Neuenhofen_2018,
    title={Review of theory and implementation of hyper-dual numbers for first and second order automatic differentiation},
    DOI={10.48550/arxiv.1801.03614},
    journal={arXiv},
    author={Neuenhofen, Martin},
    year={2018}
}

@article{Griewank_1989, 
    title={On Automatic Differentiation},
    journal={Mathematical Programming: Recent Developments and Applications}, 
    author={Griewank, Andreas},
    year={1989} 
}

@article{Wolfe_1982,
    title={Checking the Calculation of Gradients},
    volume={8},
    ISSN={0098-3500},
    DOI={10.1145/356012.356013},
    abstractNote={An abstract is not available.},
    number={4},
    journal={ACM Transactions on Mathematical Software (TOMS)},
    author={Wolfe, Philip},
    year={1982},
    pages={337–343}
}

@article{Wengert_1964,
    title={A simple automatic derivative evaluation program},
    volume={7},
    ISSN={0001-0782},
    DOI={10.1145/355586.364791},
    number={8},
    journal={Communications of the ACM},
    author={Wengert, R. E.},
    year={1964},
    pages={463–464}
}

@inproceedings{kantorovich1957mathematical,
    title={On a mathematical symbolism convenient for performing machine calculations},
    author={Kantorovich, Leonid Vitalevich},
    booktitle={Dokl. Akad. Nauk SSSR},
    volume={113},
    number={4},
    pages={738--741},
    year={1957}
}

@article{Bauer_1974,
    title={Computational Graphs and Rounding Error},
    volume={11},
    ISSN={0036-1429},
    DOI={10.1137/0711010},
    number={1},
    journal={SIAM Journal on Numerical Analysis},
    author={Bauer, F L},
    year={1974},
    pages={87–96}
}

@article{Oktay_randomized-AD,
    title={Randomized Automatic Differentiation},
    DOI={10.48550/arxiv.2007.10412},
    journal={arXiv},
    author={Oktay, Deniz and McGreivy, Nick and Aduol, Joshua and Beatson, Alex and Adams, Ryan P},
    year={2020}
}

@article{Bennett_1973,
    title={Logical Reversibility of Computation},
    volume={17},
    ISSN={0018-8646},
    DOI={10.1147/rd.176.0525},
    number={6},
    journal={IBM Journal of Research and Development},
    author={Bennett, C H},
    year={1973},
    pages={525–532}
}

@book{ascher2008numerical,
    title={Numerical methods for evolutionary differential equations},
    author={Ascher, Uri M},
    year={2008},
    publisher={SIAM}
}

@book{ascher2008-numerical-methods,
    author = {Ascher, Uri M. and Greif, Chen},
    title = {A First Course in Numerical Methods},
    publisher = {Society for Industrial and Applied Mathematics},
    year = {2011},
    doi = {10.1137/9780898719987},
    address = {Philadelphia, PA},
    edition   = {}
}

@inproceedings{sandu2006properties,
    title={On the properties of Runge-Kutta discrete adjoints},
    author={Sandu, Adrian},
    booktitle={Computational Science--ICCS 2006: 6th International Conference, Reading, UK, May 28-31, 2006, Proceedings, Part IV 6},
    pages={550--557},
    year={2006},
    organization={Springer}
}

@article{sandu2011solution,
    title={Solution of inverse problems using discrete ODE adjoints},
    author={Sandu, Adrian},
    journal={Large-Scale Inverse Problems and Quantification of Uncertainty},
    pages={345--365},
    year={2011},
    publisher={Wiley Online Library}
}

@article{Hager_2000, 
    title={Runge-Kutta methods in optimal control and the transformed adjoint system}, 
    volume={87}, 
    ISSN={0029-599X}, 
    DOI={10.1007/s002110000178}, 
    number={2}, 
    journal={Numerische Mathematik}, 
    author={Hager, William W.}, 
    year={2000}, 
    pages={247–282} 
}

@article{Jensen_Nakshatrala_Tortorelli_2014, 
    title={On the consistency of adjoint sensitivity analysis for structural optimization of linear dynamic problems}, 
    volume={49},
    ISSN={1615-147X}, 
    DOI={10.1007/s00158-013-1024-4}, 
    number={5},
    journal={Structural and Multidisciplinary Optimization}, 
    author={Jensen, Jakob S. and Nakshatrala, Praveen B. and Tortorelli, Daniel A.}, 
    year={2014},
    pages={831–837} 
}

@article{Giering_Kaminski_1998, 
    title={Recipes for adjoint code construction}, 
    volume={24}, 
    ISSN={0098-3500}, 
    DOI={10.1145/293686.293695},
    number={4}, 
    journal={ACM Transactions on Mathematical Software (TOMS)},
    author={Giering, Ralf and Kaminski, Thomas},
    year={1998}, 
    pages={437–474} 
}

@article{zdeborova_understanding_2020,
    title = {Understanding deep learning is also a job for physicists},
    issn = {1745-2473, 1745-2481},
    url = {http://www.nature.com/articles/s41567-020-0929-2},
    doi = {10.1038/s41567-020-0929-2},
    language = {en},
    urldate = {2020-05-29},
    journal = {Nature Physics},
    author = {Zdeborová, Lenka},
    month = may,
    year = {2020},
}

@INPROCEEDINGS{gorban_1998,
    author={Gorban, A.N. and Wunsch, D.C.},
    booktitle={1998 IEEE International Joint Conference on Neural Networks Proceedings. IEEE World Congress on Computational Intelligence (Cat. No.98CH36227)}, 
    title={The general approximation theorem}, 
    year={1998},
    volume={2},
    number={},
    pages={1271-1274 vol.2},
    doi={10.1109/IJCNN.1998.685957}
}

@book{cuffey_physics_2010,
    title = {The {Physics} of {Glaciers}},
    isbn = {978-0-08-091912-6},
    url = {https://books.google.fr/books?id=Jca2v1u1EKEC},
    publisher = {Elsevier Science},
    author = {Cuffey, K.M. and Paterson, W.S.B.},
    year = {2010},
}

@article{bolibar_universal_2023,
  title={Universal Differential Equations for glacier ice flow modelling},
  author={Bolibar, J. and Sapienza, F. and Maussion, F. and Lguensat, R. and Wouters, B. and P\'erez, F.},
  journal={Geoscientific Model Development},
  volume={16},
  pages={6671--6687},
  year={2023},
  number={22},
  DOI = {10.5194/gmd-16-6671-2023}
}

@book{gelman2013bayesian,
    title={Bayesian data analysis},
    author={Gelman, Andrew and Carlin, John B and Stern, Hal S and Dunson, David B and Vehtari, Aki and Rubin, Donald B},
    year={2013},
    publisher={CRC press}
}

@article{SUNDIALS-hindmarsh2005sundials,
    title={SUNDIALS: Suite of nonlinear and differential/algebraic equation solvers},
    author={Hindmarsh, Alan C and Brown, Peter N and Grant, Keith E and Lee, Steven L and Serban, Radu and Shumaker, Dan E and Woodward, Carol S},
    journal={ACM Transactions on Mathematical Software (TOMS)},
    volume={31},
    number={3},
    pages={363--396},
    year={2005},
    publisher={ACM New York, NY, USA}
}

@inproceedings{serban2005cvodes,
    title={CVODES: the sensitivity-enabled ODE solver in SUNDIALS},
    author={Serban, Radu and Hindmarsh, Alan C},
    booktitle={International Design Engineering Technical Conferences and Computers and Information in Engineering Conference},
    volume={47438},
    pages={257--269},
    year={2005}
}

@article{Ipsen_Meyer_1998, 
    title={The Idea Behind Krylov Methods}, 
    volume={105}, 
    ISSN={0002-9890}, 
    DOI={10.1080/00029890.1998.12004985},
    number={10}, 
    journal={The American Mathematical Monthly}, 
    author={Ipsen, Ilse C. F. and Meyer, Carl D.}, 
    year={1998}, 
    pages={889–899} 
}

@article{FATODE2014,
    title={FATODE: A library for forward, adjoint, and tangent linear integration of ODEs},
    author={Zhang, Hong and Sandu, Adrian},
    journal={SIAM Journal on Scientific Computing},
    volume={36},
    number={5},
    pages={C504--C523},
    year={2014},
    publisher={SIAM}
}

@article{ODESSA,
    author = {Leis, Jorge R. and Kramer, Mark A.},
    title = {Algorithm 658: ODESSA–an Ordinary Differential Equation Solver with Explicit Simultaneous Sensitivity Analysis},
    year = {1988},
    issue_date = {March 1988},
    publisher = {Association for Computing Machinery},
    address = {New York, NY, USA},
    volume = {14},
    number = {1},
    issn = {0098-3500},
    url = {https://doi.org/10.1145/42288.214371},
    doi = {10.1145/42288.214371},
    journal = {ACM Trans. Math. Softw.},
    month = {mar},
    pages = {61–67},
    numpages = {7},
    keywords = {model error, sensitivity analysis, parameter variation, model prediction uncertainty}
}

@article{Gelbrecht-differential-programming-Earth,
    author = {Gelbrecht, M. and White, A. and Bathiany, S. and Boers, N.},
    title = {Differentiable programming for Earth system modeling},
    journal = {Geoscientific Model Development},
    volume = {16},
    year = {2023},
    number = {11},
    pages = {3123--3135},
    url = {https://gmd.copernicus.org/articles/16/3123/2023/},
    doi = {10.5194/gmd-16-3123-2023}
}


@InProceedings{that-is-not-an-ode,
    title = {"Hey, that’s not an ODE": Faster ODE Adjoints via Seminorms},
    author = {Kidger, Patrick and Chen, Ricky T. Q. and Lyons, Terry J},
    booktitle = {Proceedings of the 38th International Conference on Machine Learning},
    pages = {5443--5452},
    year = {2021},
    editor = {Meila, Marina and Zhang, Tong},
    volume = {139},
    series = {Proceedings of Machine Learning Research},
    month = {18--24 Jul},
    publisher = {PMLR},
    pdf = {http://proceedings.mlr.press/v139/kidger21a/kidger21a.pdf},
    url = {https://proceedings.mlr.press/v139/kidger21a.html},
}

@article{Zhuang_2020, 
    title={Adaptive Checkpoint Adjoint Method for Gradient Estimation in Neural ODE.}, 
    volume={119}, 
    journal={Proceedings of machine learning research}, 
    author={Zhuang, Juntang and Dvornek, Nicha and Li, Xiaoxiao and Tatikonda, Sekhar and Papademetris, Xenophon and Duncan, James}, 
    year={2020}, 
    pages={11639–11649} 
}

@article{Norcliffe_gaussquadrature_2023, 
    title={Faster Training of Neural ODEs Using Gau{\ss}-Legendre Quadrature}, 
    DOI={10.48550/arxiv.2308.10644}, 
    journal={arXiv}, 
    author={Norcliffe, Alexander and Deisenroth, Marc Peter}, 
    year={2023} 
}

@book{stoer2002-numerical,
    title={Introduction to numerical analysis},
    author={Stoer, Josef and Bulirsch, Roland},
    year={2002},
    publisher={Springer}
}

@article{dolfin2018,
    doi = {10.21105/joss.01292},
    url = {https://doi.org/10.21105/joss.01292},
    year = {2019}, 
    publisher = {The Open Journal},
    volume = {4}, 
    number = {38}, 
    pages = {1292}, 
    author = {Sebastian K. Mitusch and Simon W. Funke and Jørgen S. Dokken}, 
    title = {dolfin-adjoint 2018.1: automated adjoints for FEniCS and Firedrake},
    journal = {Journal of Open Source Software} 
}

@article{dolfin2013,
    author = {Farrell, P. E. and Ham, D. A. and Funke, S. W. and Rognes, M. E.},
    title = {Automated Derivation of the Adjoint of High-Level Transient Finite Element Programs},
    journal = {SIAM Journal on Scientific Computing},
    volume = {35},
    number = {4},
    pages = {C369-C393},
    year = {2013},
    doi = {10.1137/120873558},
    URL = { https://doi.org/10.1137/120873558},
    eprint = {https://doi.org/10.1137/120873558}
}

@article{Sirkes_Tziperman_1997, 
    title={Finite Difference of Adjoint or Adjoint of Finite Difference?}, 
    volume={125}, 
    ISSN={0027-0644}, 
    DOI={10.1175/1520-0493(1997)125<3373:fdoaoa>2.0.co;2},  number={12}, 
    journal={Monthly Weather Review},
    author={Sirkes, Ziv and Tziperman, Eli}, 
    year={1997}, 
    pages={3373–3378} 
}

@article{griewank2012invented,
    title={Who invented the reverse mode of differentiation},
    author={Griewank, Andreas},
    journal={Documenta Mathematica, Extra Volume ISMP},
    volume={389400},
    year={2012}
}

@article{Dandekar_2020, 
    title={A Machine Learning-Aided Global Diagnostic and Comparative Tool to Assess Effect of Quarantine Control in COVID-19 Spread}, 
    volume={1}, 
    ISSN={2666-3899},
    DOI={10.1016/j.patter.2020.100145}, 
    number={9},
    journal={Patterns},
    author={Dandekar, Raj and Rackauckas, Chris and Barbastathis, George}, 
    year={2020},
    pages={100145} 
}

@article{Bezanson_Karpinski_Shah_Edelman_2012, 
    title={Julia: A Fast Dynamic Language for Technical Computing}, 
    DOI={10.48550/arxiv.1209.5145},  
    journal={arXiv}, 
    author={Bezanson, Jeff and Karpinski, Stefan and Shah, Viral B and Edelman, Alan}, 
    year={2012} 
}

@inproceedings{li2020scalable,
    title={Scalable gradients for stochastic differential equations},
    author={Li, Xuechen and Wong, Ting-Kam Leonard and Chen, Ricky TQ and Duvenaud, David},
    booktitle={International Conference on Artificial Intelligence and Statistics},
    pages={3870--3882},
    year={2020},
    organization={PMLR}
}

@article{Wang2012-chaos-adjoint,
    title = {Least Squares Shadowing sensitivity analysis of chaotic limit cycle oscillations},
    journal = {Journal of Computational Physics},
    volume = {267},
    pages = {210-224},
    year = {2014},
    issn = {0021-9991},
    doi = {https://doi.org/10.1016/j.jcp.2014.03.002},
    url = {https://www.sciencedirect.com/science/article/pii/S0021999114001715},
    author = {Qiqi Wang and Rui Hu and Patrick Blonigan}
}

@article{Innes_Zygote,
    title={A Differentiable Programming System to Bridge Machine Learning and Scientific Computing}, 
    DOI={10.48550/arxiv.1907.07587}, 
    journal={arXiv}, 
    author={Innes, Mike and Edelman, Alan and Fischer, Keno and Rackauckas, Chris and Saba, Elliot and Shah, Viral B and Tebbutt, Will}, 
    year={2019} 
}

@inproceedings{moses_Enzyme,
    author = {Moses, William and Churavy, Valentin},
    booktitle = {Advances in Neural Information Processing Systems},
    editor = {H. Larochelle and M. Ranzato and R. Hadsell and M. F. Balcan and H. Lin},
    pages = {12472--12485},
    publisher = {Curran Associates, Inc.},
    title = {Instead of Rewriting Foreign Code for Machine Learning, Automatically Synthesize Fast Gradients},
    url = {https://proceedings.neurips.cc/paper/2020/file/9332c513ef44b682e9347822c2e457ac-Paper.pdf},
    volume = {33},
    year = {2020}
}

@article{Schäfer_Tarek_White_Rackauckas_2021, 
    title={AbstractDifferentiation.jl: Backend-Agnostic Differentiable Programming in Julia}, 
    DOI={10.48550/arxiv.2109.12449}, 
    journal={arXiv}, 
    author={Schäfer, Frank and Tarek, Mohamed and White, Lyndon and Rackauckas, Chris}, 
    year={2021} 
}

@book{Pearl-heuristics,
    author = {Pearl, Judea},
    title = {Heuristics:  Intelligent Search Strategies for Computer Problem Solving},
    year = {1984},
    isbn = {0201055945},
    publisher = {Addison-Wesley Longman Publishing Co., Inc.},
    address = {USA}
}

@book{Naumann.2011,
    author = {Naumann, Uwe},
    title = {The Art of Differentiating Computer Programs},
    publisher = {Society for Industrial and Applied Mathematics},
    year = {2011},
    doi = {10.1137/1.9781611972078},
    address = {},
    edition   = {},
    URL = {https://epubs.siam.org/doi/abs/10.1137/1.9781611972078},
    eprint = {https://epubs.siam.org/doi/pdf/10.1137/1.9781611972078}
}

@article{wang2022discovering,
  title={Discovering the rheology of Antarctic Ice Shelves via physics-informed deep learning},
  author={Wang, Yongji and Lai, Ching-Yao and Cowen-Breen, Charlie},
  year={2022}
}

@article{Jouvet_2022, 
    title={Inversion of a Stokes glacier flow model emulated by deep learning}, 
    ISSN={0022-1430}, 
    DOI={10.1017/jog.2022.41}, 
    journal={Journal of Glaciology}, 
    author={Jouvet, Guillaume}, 
    year={2022}, 
    pages={1–14} 
}

@article{Jouvet_Cordonnier_Kim_Lüthi_Vieli_Aschwanden_2021, 
    title={Deep learning speeds up ice flow modelling by several orders of magnitude}, 
    ISSN={0022-1430},
    DOI={10.1017/jog.2021.120}, 
    journal={Journal of Glaciology}, 
    author={Jouvet, Guillaume and Cordonnier, Guillaume and Kim, Byungsoo and Lüthi, Martin and Vieli, Andreas and Aschwanden, Andy}, 
    year={2021}, 
    pages={1–14} 
}

@article{manzyuk2019perturbation,
    title={Perturbation confusion in forward automatic differentiation of higher-order functions},
    author={Manzyuk, Oleksandr and Pearlmutter, Barak A and Radul, Alexey Andreyevich and Rush, David R and Siskind, Jeffrey Mark},
    journal={Journal of Functional Programming},
    volume={29},
    pages={e12},
    year={2019},
    publisher={Cambridge University Press}
}

@article{siskind2005perturbation,
  title={Perturbation confusion and referential transparency: Correct functional implementation of forward-mode AD},
  author={Siskind, Jeffrey Mark and Pearlmutter, Barak A},
  year={2005},
  publisher={Springer}
}

@article{clifford1871dualnumbers,
    title={Preliminary sketch of biquaternions},
    author={Clifford},
    journal={Proceedings of the London Mathematical Society},
    volume={1},
    number={1},
    pages={381--395},
    year={1871},
    publisher={Oxford University Press}
}

@article{10.1145/291251.289442,
author = {Karczmarczuk, Jerzy},
title = {Functional Differentiation of Computer Programs},
year = {1998},
issue_date = {Jan. 1999},
publisher = {Association for Computing Machinery},
address = {New York, NY, USA},
volume = {34},
number = {1},
issn = {0362-1340},
url = {https://doi.org/10.1145/291251.289442},
doi = {10.1145/291251.289442},
abstract = {We present two purely functional implementations of the computational differentiation tools -- the well known numeric (not symbolic!) techniques which permit to compute pointwise derivatives of functions defined by computer programs economically and exactly. We show how the co-recursive (lazy) algorithm formulation permits to construct in a transparent and elegant manner the entire infinite tower of derivatives of higher order for any expressions present in the program, and we present a purely functional variant of the reverse (or adjoint) mode of computational differentiation, using a chain of delayed evaluations represented by closures. Some concrete applications are also discussed.},
journal = {SIGPLAN Not.},
month = {sep},
pages = {195–203},
numpages = {9},
keywords = {derivatives, lazy semantics, arithmetic, differentiation, Haskell}
}

@inproceedings{Karczmarczuk2001,
    author = {Karczmarczuk, Jerzy},
    title = {Functional Differentiation of Computer Programs},
    year = {1998},
    isbn = {1581130244},
    publisher = {Association for Computing Machinery},
    address = {New York, NY, USA},
    url = {https://doi.org/10.1145/289423.289442},
    doi = {10.1145/289423.289442},
    abstract = {We present two purely functional implementations of the computational differentiation tools -- the well known numeric (not symbolic!) techniques which permit to compute pointwise derivatives of functions defined by computer programs economically and exactly. We show how the co-recursive (lazy) algorithm formulation permits to construct in a transparent and elegant manner the entire infinite tower of derivatives of higher order for any expressions present in the program, and we present a purely functional variant of the reverse (or adjoint) mode of computational differentiation, using a chain of delayed evaluations represented by closures. Some concrete applications are also discussed.},
    booktitle = {Proceedings of the Third ACM SIGPLAN International Conference on Functional Programming},
    pages = {195–203},
    numpages = {9},
    keywords = {Haskell, arithmetic, lazy semantics, derivatives, differentiation},
    location = {Baltimore, Maryland, USA},
    series = {ICFP '98}
}

@article{Betancourt_2017, 
    title={A Conceptual Introduction to Hamiltonian Monte Carlo}, 
    DOI={10.48550/arxiv.1701.02434}, 
    journal={arXiv}, 
    author={Betancourt, Michael}, 
    year={2017} 
}

@inproceedings{abadi-tensorflow,
    author = {Abadi, Mart\'{\i}n and Barham, Paul and Chen, Jianmin and Chen, Zhifeng and Davis, Andy and Dean, Jeffrey and Devin, Matthieu and Ghemawat, Sanjay and Irving, Geoffrey and Isard, Michael and Kudlur, Manjunath and Levenberg, Josh and Monga, Rajat and Moore, Sherry and Murray, Derek G. and Steiner, Benoit and Tucker, Paul and Vasudevan, Vijay and Warden, Pete and Wicke, Martin and Yu, Yuan and Zheng, Xiaoqiang},
    title = {TensorFlow: A System for Large-Scale Machine Learning},
    year = {2016},
    isbn = {9781931971331},
    publisher = {USENIX Association},
    address = {USA},
    booktitle = {Proceedings of the 12th USENIX Conference on Operating Systems Design and Implementation},
    pages = {265–283},
    numpages = {19},
    location = {Savannah, GA, USA},
    series = {OSDI'16}
}

@article{McGreivy_stellarator_2021, 
    title={Optimized finite-build stellarator coils using automatic differentiation}, 
    volume={61}, 
    ISSN={0029-5515}, 
    DOI={10.1088/1741-4326/abcd76}, 
    journal={Nuclear Fusion}, 
    author={McGreivy, N. and Hudson, S.R. and Zhu, C.}, 
    year={2021}, 
    pages={026020} 
}

@article{allaire2015review,
    title={A review of adjoint methods for sensitivity analysis, uncertainty quantification and optimization in numerical codes},
    author={Allaire, Gr{\'e}goire},
    journal={Ing{\'e}nieurs de l'Automobile},
    volume={836},
    pages={33--36},
    year={2015}
}

@book{lions1971optimal,
    title={Optimal control of systems governed by partial differential equations},
    author={Lions, Jacques Louis},
    volume={170},
    year={1971},
    publisher={Springer}
}

@inproceedings{pironneau2005optimal,
    title={Optimal shape design for elliptic systems},
    author={Pironneau, Olivier},
    booktitle={System Modeling and Optimization: Proceedings of the 10th IFIP Conference New York City, USA, August 31--September 4, 1981},
    pages={42--66},
    year={2005},
    organization={Springer}
}

@article{allaire2014shape,
    title={Shape optimization with a level set based mesh evolution method},
    author={Allaire, Gr{\'e}goire and Dapogny, Charles and Frey, Pascal},
    journal={Computer Methods in Applied Mechanics and Engineering},
    volume={282},
    pages={22--53},
    year={2014},
    publisher={Elsevier}
}

@book{mohammadi2009applied,
    title={Applied shape optimization for fluids},
    author={Mohammadi, Bijan and Pironneau, Olivier},
    year={2009},
    publisher={OUP Oxford}
}

@article{Dürrbaum_Klier_Hahn_2002, 
    title={Comparison of Automatic and Symbolic Differentiation in Mathematical Modeling and Computer Simulation of Rigid-Body Systems}, 
    volume={7}, 
    ISSN={1384-5640}, 
    DOI={10.1023/a:1015523018029}, 
    number={4}, 
    journal={Multibody System Dynamics}, 
    author={Dürrbaum, Axel and Klier, Willy and Hahn, Hubert}, 
    year={2002}, 
    pages={331–355} 
}

@techreport{juedes1991taxonomy,
    title={A taxonomy of automatic differentiation tools},
    author={Juedes, David W},
    year={1991},
    institution={Argonne National Lab., IL (United States)}
}

@article{Symbolics_jl_2022, 
    title={High-performance symbolic-numerics via multiple dispatch}, 
    volume={55}, 
    ISSN={1932-2240}, 
    DOI={10.1145/3511528.3511535}, 
    number={3}, 
    journal={ACM Communications in Computer Algebra}, 
    author={Gowda, Shashi and Ma, Yingbo and Cheli, Alessandro and Gwóźzdź, Maja and Shah, Viral B. and Edelman, Alan and Rackauckas, Christopher}, 
    year={2022}, pages={92–96} 
}

@article{Margossian_2018, 
    title={A Review of automatic differentiation and its efficient implementation}, 
    DOI={10.48550/arxiv.1811.05031}, 
    journal={arXiv}, 
    author={Margossian, Charles C}, 
    year={2018} 
}