@article{courantPartialDifferenceEquations1967,
  title = {On the Partial Difference Equations of Mathematical Physics},
  author = {Courant, Richard and Friedrichs, Kurt and Lewy, Hans},
  year = {1967},
  journal = {IBM journal of Research and Development},
  volume = {11},
  number = {2},
  pages = {215--234},
  publisher = {IBM},
  keywords = {courant,pde}
}

@inproceedings{gowdaSparsityProgrammingAutomated2019,
  title = {Sparsity Programming: {{Automated}} Sparsity-Aware Optimizations in Differentiable Programming},
  booktitle = {Program Transformations for {{ML}} Workshop at {{NeurIPS}} 2019},
  author = {Gowda, Shashi and Ma, Yingbo and Churavy, Valentin and Edelman, Alan and Rackauckas, Christopher},
  year = {2019}
}
