@article{hodgkin1952quantitative,
  title={A quantitative description of membrane current and its application to conduction and excitation in nerve},
  author={Hodgkin, Alan L and Huxley, Andrew F},
  journal={The Journal of physiology},
  volume={117},
  number={4},
  pages={500},
  year={1952},
  publisher={Wiley-Blackwell}
}


@article{colijn2006high,
  title={High frequency spikes in long period blood cell oscillations},
  author={Colijn, Caroline and Fowler, AC and Mackey, Michael C},
  journal={Journal of mathematical biology},
  volume={53},
  pages={499--519},
  year={2006},
  publisher={Springer}
}




@article{paul2011semiparametric,
author = {Debashis Paul and Jie Peng and Prabir Burman},
title = {{Semiparametric modeling of autonomous nonlinear dynamical systems with application to plant growth}},
volume = {5},
journal = {The Annals of Applied Statistics},
number = {3},
publisher = {Institute of Mathematical Statistics},
pages = {2078 -- 2108},
keywords = {Autonomous dynamical systems, cross-validation, growth displacement rate, Levenbergâ€“Marquardt method, semiparametric modeling},
year = {2011},
doi = {10.1214/11-AOAS459},
URL = {https://doi.org/10.1214/11-AOAS459}
}

@article{zhang2015selection,
  title={On the selection of ordinary differential equation models with application to predator-prey dynamical models},
  author={Zhang, Xinyu and Cao, Jiguo and Carroll, Raymond J},
  journal={Biometrics},
  volume={71},
  number={1},
  pages={131--138},
  year={2015},
  publisher={Wiley Online Library}
}

@article{cao2008estimating,
  title={Estimating a predator-prey dynamical model with the parameter cascades method},
  author={Cao, Jiguo and Fussmann, Gregor F and Ramsay, James O},
  journal={Biometrics},
  volume={64},
  number={3},
  pages={959--967},
  year={2008},
  publisher={Oxford University Press}
}

@article{chen2017network,
  title={Network reconstruction from high-dimensional ordinary differential equations},
  author={Chen, Shizhe and Shojaie, Ali and Witten, Daniela M},
  journal={Journal of the American Statistical Association},
  volume={112},
  number={520},
  pages={1697--1707},
  year={2017},
  publisher={Taylor \& Francis}
}

@article{dai2022kernel,
  title={Kernel ordinary differential equations},
  author={Dai, Xiaowu and Li, Lexin},
  journal={Journal of the American Statistical Association},
  volume={117},
  number={540},
  pages={1711--1725},
  year={2022},
  publisher={Taylor \& Francis}
}



@article{brown2003statistical,
  title={Statistical mechanical approaches to models with many poorly known parameters},
  author={Brown, Kevin S and Sethna, James P},
  journal={Physical review E},
  volume={68},
  number={2},
  pages={021904},
  year={2003},
  publisher={APS}
}


@article{transtrum2011geometry,
  title={Geometry of nonlinear least squares with applications to sloppy models and optimization},
  author={Transtrum, Mark K and Machta, Benjamin B and Sethna, James P},
  journal={Physical Review E},
  volume={83},
  number={3},
  pages={036701},
  year={2011},
  publisher={APS}
}

@article{hooker2009forcing,
  title={Forcing function diagnostics for nonlinear dynamics},
  author={Hooker, Giles},
  journal={Biometrics},
  volume={65},
  number={3},
  pages={928--936},
  year={2009},
  publisher={Oxford University Press}
}

@article{hooker2011parameterizing,
  title={Parameterizing state--space models for infectious disease dynamics by generalized profiling: measles in Ontario},
  author={Hooker, Giles and Ellner, Stephen P and Roditi, Laura De Vargas and Earn, David JD},
  journal={Journal of The Royal Society Interface},
  volume={8},
  number={60},
  pages={961--974},
  year={2011},
  publisher={The Royal Society}
}

@article{hooker2015goodness,
author = {Giles Hooker and Stephen P. Ellner},
title = {{Goodness of fit in nonlinear dynamics: Misspecified rates or misspecified states?}},
volume = {9},
journal = {The Annals of Applied Statistics},
number = {2},
publisher = {Institute of Mathematical Statistics},
pages = {754 -- 776},
keywords = {attractor reconstruction, bootstrap, diagnostics, Differential equation, goodness of fit},
year = {2015},
doi = {10.1214/15-AOAS828},
URL = {https://doi.org/10.1214/15-AOAS828}
}


@article{fussmann2000crossing,
  title={Crossing the Hopf bifurcation in a live predator-prey system},
  author={Fussmann, Gregor F and Ellner, Stephen P and Shertzer, Kyle W and Hairston Jr, Nelson G},
  journal={Science},
  volume={290},
  number={5495},
  pages={1358--1360},
  year={2000},
  publisher={American Association for the Advancement of Science}
}

@article{ding2000h,
  title={H. Wu. A comparison study of models and fitting procedures for biphasic viral decay rates in viral dynamic models},
  author={Ding, AA},
  journal={Biometrics},
  volume={56},
  pages={16--23},
  year={2000}
}

@article{ramsay2007parameter,
  title={Parameter estimation for differential equations: a generalized smoothing approach},
  author={Ramsay, Jim O and Hooker, Giles and Campbell, David and Cao, Jiguo},
  journal={Journal of the Royal Statistical Society Series B: Statistical Methodology},
  volume={69},
  number={5},
  pages={741--796},
  year={2007},
  publisher={Oxford University Press}
}

@article{ramsay1996principal,
  title={Principal differential analysis: Data reduction by differential operators},
  author={Ramsay, Jim O},
  journal={Journal of the Royal Statistical Society Series B: Statistical Methodology},
  volume={58},
  number={3},
  pages={495--508},
  year={1996},
  publisher={Oxford University Press}
}

@article{liu2023specification,
  title={Specification testing for ordinary differential equation models with fixed design and applications to COVID-19 epidemic models},
  author={Liu, Ran and Zhu, Lixing},
  journal={Computational Statistics \& Data Analysis},
  volume={180},
  pages={107616},
  year={2023},
  publisher={Elsevier}
}

@article{bauer2000numerical,
  title={Numerical methods for optimum experimental design in DAE systems},
  author={Bauer, Irene and Bock, Hans Georg and K{\"o}rkel, Stefan and Schl{\"o}der, Johannes P},
  journal={Journal of Computational and Applied mathematics},
  volume={120},
  number={1-2},
  pages={1--25},
  year={2000},
  publisher={Elsevier}
}