@article{Pironneau_1974,
title={On optimum design in fluid mechanics},
volume={64},
DOI={10.1017/S0022112074002023},
number={1},
journal={Journal of Fluid Mechanics},
author={Pironneau, O.},
year={1974},
pages={97–110}}

@article{chen2016aerodynamic,
  title={Aerodynamic shape optimization of common research model wing--body--tail configuration},
  author={Chen, Song and Lyu, Zhoujie and Kenway, Gaetan KW and Martins, Joaquim RRA},
  journal={Journal of Aircraft},
  volume={53},
  number={1},
  pages={276--293},
  year={2016},
  publisher={American Institute of Aeronautics and Astronautics}
}

@article{KENWAY2019100542,
title = {Effective adjoint approaches for computational fluid dynamics},
journal = {Progress in Aerospace Sciences},
volume = {110},
pages = {100542},
year = {2019},
issn = {0376-0421},
doi = {https://doi.org/10.1016/j.paerosci.2019.05.002},
url = {https://www.sciencedirect.com/science/article/pii/S0376042119300120},
author = {Gaetan K.W. Kenway and Charles A. Mader and Ping He and Joaquim R.R.A. Martins}
}

@book{nocedal1999numerical,
  title={Numerical optimization},
  author={Nocedal, Jorge and Wright, Stephen J},
  year={1999},
  publisher={Springer}
}

@article{jameson2003aerodynamic,
  title={Aerodynamic shape optimization using the adjoint method},
  author={Jameson, Antony},
  journal={Lectures at the Von Karman Institute, Brussels},
  year={2003}
}

@article{FREUND201054,
title = {Adjoint-based optimization for understanding and suppressing jet noise},
journal = {Procedia Engineering},
volume = {6},
pages = {54-63},
year = {2010},
note = {IUTAM Symposium on Computational Aero-Acoustics for Aircraft Noise Prediction},
issn = {1877-7058},
doi = {https://doi.org/10.1016/j.proeng.2010.09.007},
url = {https://www.sciencedirect.com/science/article/pii/S1877705810005539},
author = {Jonathan B. Freund}
}

@article{kroger2018ships,
author = {Kröger, Jörn and Kühl, Niklas and Rung, Thomas},
title = {Adjoint volume-of-fluid approaches for the hydrodynamic optimisation of ships},
journal = {Ship Technology Research},
volume = {65},
number = {1},
pages = {47--68},
year = {2018},
publisher = {Taylor \& Francis},
doi = {10.1080/09377255.2017.1411001},
URL = { https://doi.org/10.1080/09377255.2017.1411001 },
eprint = { https://doi.org/10.1080/09377255.2017.1411001 }
}

@Article{Othmer2014caraerodynamics,
author={Othmer, Carsten},
title={Adjoint methods for car aerodynamics},
journal={Journal of Mathematics in Industry},
year={2014},
month={Jun},
day={03},
volume={4},
number={1},
pages={6},
issn={2190-5983},
doi={10.1186/2190-5983-4-6},
url={https://doi.org/10.1186/2190-5983-4-6}
}

@article{dhert2017aerodynamic,
  title={Aerodynamic shape optimization of wind turbine blades using a Reynolds-averaged Navier--Stokes model and an adjoint method},
  author={Dhert, Tristan and Ashuri, Turaj and Martins, Joaquim RRA},
  journal={Wind Energy},
  volume={20},
  number={5},
  pages={909--926},
  year={2017},
  publisher={Wiley Online Library}
}

@article{tadmor2012review,
  title={A review of numerical methods for nonlinear partial differential equations},
  author={Tadmor, Eitan},
  journal={Bulletin of the American Mathematical Society},
  volume={49},
  number={4},
  pages={507--554},
  year={2012}
}

@book{thompson1998handbook,
  title={Handbook of grid generation},
  author={Thompson, Joe F and Soni, Bharat K and Weatherill, Nigel P},
  year={1998},
  publisher={CRC press}
}