@article{manzyuk2019perturbation,
  title={Perturbation confusion in forward automatic differentiation of higher-order functions},
  author={Manzyuk, Oleksandr and Pearlmutter, Barak A and Radul, Alexey Andreyevich and Rush, David R and Siskind, Jeffrey Mark},
  journal={Journal of Functional Programming},
  volume={29},
  pages={e12},
  year={2019},
  publisher={Cambridge University Press}
}

@article{gebremedhin2005color,
  author    = {Gebremedhin, Assefaw Hadish and Manne, Fredrik and Pothen, Alex},
  journal   = {SIAM review},
  number    = {4},
  pages     = {629--705},
  publisher = {SIAM},
  title     = {What color is your Jacobian? Graph coloring for computing derivatives},
  volume    = {47},
  year      = {2005}
}