@article{macayeal1992basal,
    author = "MacAyeal, Douglas R",
    title = "The basal stress distribution of Ice Stream E, Antarctica, inferred by control methods",
    journal = "Journal of Geophysical Research: Solid Earth",
    volume = "97",
    number = "B1",
    pages = "595--603",
    year = "1992",
    publisher = "Wiley Online Library"
}

@article{goldberg2013parameter,
    author = "Goldberg, DN and Heimbach, Patrick",
    title = "Parameter and state estimation with a time-dependent adjoint marine ice sheet model",
    journal = "The Cryosphere",
    volume = "7",
    number = "6",
    pages = "1659--1678",
    year = "2013",
    publisher = "Copernicus GmbH"
}

@article{heimbach2009greenland,
    author = "Heimbach, Patrick and Bugnion, Veronique",
    title = "Greenland ice-sheet volume sensitivity to basal, surface and initial conditions derived from an adjoint model",
    journal = "Annals of Glaciology",
    volume = "50",
    number = "52",
    pages = "67--80",
    year = "2009",
    publisher = "Cambridge University Press"
}

@article{mosbeux2016comparison,
    author = "Mosbeux, Cyrille and Gillet-Chaulet, Fabien and Gagliardini, Olivier",
    title = "Comparison of adjoint and nudging methods to initialise ice sheet model basal conditions",
    journal = "Geoscientific Model Development",
    volume = "9",
    number = "7",
    pages = "2549--2562",
    year = "2016",
    publisher = "Copernicus GmbH"
}

@article{morlighem2013inversion,
    author = "Morlighem, M and Seroussi, H and Larour, E and Rignot, E",
    title = "Inversion of basal friction in Antarctica using exact and incomplete adjoints of a higher-order model",
    journal = "Journal of Geophysical Research: Earth Surface",
    volume = "118",
    number = "3",
    pages = "1746--1753",
    year = "2013",
    publisher = "Wiley Online Library"
}

@article{hascoet2018source,
    author = {Hasco{\"e}t, Laurent and Morlighem, Mathieu},
    title = "Source-to-source adjoint Algorithmic Differentiation of an ice sheet model written in C",
    journal = "Optimization Methods and Software",
    volume = "33",
    number = "4-6",
    pages = "829--843",
    year = "2018",
    publisher = "Taylor \\\\\& Francis"
}

@article{logan2020sicopolis,
    author = "Logan, Liz C and Narayanan, Sri Hari Krishna and Greve, Ralf and Heimbach, Patrick",
    title = "SICOPOLIS-AD v1: an open-source adjoint modeling framework for ice sheet simulation enabled by the algorithmic differentiation tool OpenAD",
    journal = "Geoscientific Model Development",
    volume = "13",
    number = "4",
    pages = "1845--1864",
    year = "2020",
    publisher = "Copernicus GmbH"
}

@Article{BolibarSapienza_UDEs,
    AUTHOR = "Bolibar, J. and Sapienza, F. and Maussion, F. and Lguensat, R. and Wouters, B. and P\'erez, F.",
    TITLE = "Universal differential equations for glacier ice flow modelling",
    JOURNAL = "Geoscientific Model Development",
    VOLUME = "16",
    YEAR = "2023",
    NUMBER = "22",
    PAGES = "6671--6687",
    URL = "https://gmd.copernicus.org/articles/16/6671/2023/",
    DOI = "10.5194/gmd-16-6671-2023"
}

@article{jouvet2023inversion,
    author = "Jouvet, Guillaume",
    title = "Inversion of a Stokes glacier flow model emulated by deep learning",
    journal = "Journal of Glaciology",
    volume = "69",
    number = "273",
    pages = "13--26",
    year = "2023",
    publisher = "Cambridge University Press"
}

@article{Jouvet_Cordonnier_Kim_Lüthi_Vieli_Aschwanden_2021,
    author = "Jouvet, Guillaume and Cordonnier, Guillaume and Kim, Byungsoo and Lüthi, Martin and Vieli, Andreas and Aschwanden, Andy",
    title = "Deep learning speeds up ice flow modelling by several orders of magnitude",
    ISSN = "0022-1430",
    DOI = "10.1017/jog.2021.120",
    journal = "Journal of Glaciology",
    year = "2021",
    pages = "1–14"
}