@article{schaefer:2020,
  title={A differentiable programming method for quantum control},
  author={Sch{\"a}fer, Frank and Kloc, Michal and Bruder, Christoph and L{\"o}rch, Niels},
  journal={Machine Learning: Science and Technology},
  volume={1},
  number={3},
  pages={035009},
  year={2020},
  publisher={IOP Publishing},
  doi = {10.1088/2632-2153/ab9802},
  url = {https://doi.org/10.1088/2632-2153/ab9802}
}

@article{schaefer:2021,
  title={Control of stochastic quantum dynamics by differentiable programming},
  author={Sch{\"a}fer, Frank and Sekatski, Pavel and Koppenh{\"o}fer, Martin and Bruder, Christoph and Kloc, Michal},
  journal={Machine Learning: Science and Technology},
  volume={2},
  number={3},
  pages={035004},
  year={2021},
  publisher={IOP Publishing},
  doi = {10.1088/2632-2153/abec22},
  url = {https://doi.org/10.1088/2632-2153/abec22}
}

@article{goerz:2022,
  title={Quantum optimal control via semi-automatic differentiation},
  author={Goerz, Michael H and Carrasco, Sebasti{\'a}n C and Malinovsky, Vladimir S},
  journal={Quantum},
  volume={6},
  pages={871},
  year={2022},
  publisher={Verein zur F{\"o}rderung des Open Access Publizierens in den Quantenwissenschaften},
  doi = {10.22331/q-2022-12-07-871}
}

@article{jirari:2009,
  title={Optimal control approach to dynamical suppression of decoherence of a qubit},
  author={Jirari, Hamza},
  journal={Europhysics Letters},
  volume={87},
  number={4},
  pages={40003},
  year={2009},
  publisher={IOP Publishing},
  doi = {10.1209/0295-5075/87/40003}
}

@article{jirari2019quantum,
  title={From quantum optimal control theory to coherent destruction of tunneling},
  author={Jirari, Hamza},
  journal={The European Physical Journal B},
  volume={92},
  pages={1--8},
  year={2019},
  publisher={Springer}, 
  url={https://doi.org/10.1140/epjb/e2018-90231-5},
  doi={10.1140/epjb/e2018-90231-5}
}

@article{abdelhafez:2019,
  title={Gradient-based optimal control of open quantum systems using quantum trajectories and automatic differentiation},
  author={Abdelhafez, Mohamed and Schuster, David I and Koch, Jens},
  journal={Phys. Rev. A},
  volume={99},
  number={5},
  pages={052327},
  year={2019},
  publisher={APS},
  url = {https://journals.aps.org/pra/abstract/10.1103/PhysRevA.99.052327},
 doi = {10.1103/PhysRevA.99.052327}
}

@article{leung:2017,
  title={Speedup for quantum optimal control from automatic differentiation based on graphics processing units},
  author={Leung, Nelson and Abdelhafez, Mohamed and Koch, Jens and Schuster, David},
  journal={Physical Review A},
  volume={95},
  number={4},
  pages={042318},
  year={2017},
  publisher={APS},
  doi={10.1103/PhysRevA.95.042318},
  url={https://doi.org/10.1103/PhysRevA.95.042318}
}

@article{abdelhafez:2020,
  title={Universal gates for protected superconducting qubits using optimal control},
  author={Abdelhafez, Mohamed and Baker, Brian and Gyenis, Andr{\'a}s and Mundada, Pranav and Houck, Andrew A and Schuster, David and Koch, Jens},
  journal={Physical Review A},
  volume={101},
  number={2},
  pages={022321},
  year={2020},
  publisher={APS},
  url={https://doi.org/10.1103/PhysRevA.101.022321},
  doi={10.1103/PhysRevA.101.022321}
}
