@inproceedings{NIPS2017_3f5ee243,
  title = {Attention Is {{All}} You {{Need}}},
  booktitle = {Advances in {{Neural Information Processing Systems}}},
  author = {Vaswani, Ashish and Shazeer, Noam and Parmar, Niki and Uszkoreit, Jakob and Jones, Llion and Gomez, Aidan N and Kaiser, ≈Åukasz and Polosukhin, Illia},
  editor = {Guyon, I and Luxburg, U Von and Bengio, S and Wallach, H and Fergus, R and Vishwanathan, S and Garnett, R},
  date = {2017},
  volume = {30},
  publisher = {{Curran Associates, Inc.}},
  keywords = {DL},
  file = {/Users/victorboussange/Zotero/storage/EW5JRSXY/m-api-2d623b51-cce2-b185-72aa-6ab6dc3878af.pdf}
}
